<?xml version="1.0" encoding="UTF-8"?><record xmlns="http://www.loc.gov/MARC21/slim" xmlns:cinclude="http://apache.org/cocoon/include/1.0" xmlns:zs="http://www.loc.gov/zing/srw/">
  <leader>00689cz  a2200169n  4500</leader>
  <controlfield tag="001">n 2007228448</controlfield>
  <controlfield tag="003">DLC</controlfield>
  <controlfield tag="005">20081120082007.0</controlfield>
  <controlfield tag="008">080227n| acannaabn          |b aaa      </controlfield>
  <datafield tag="010" ind1=" " ind2=" ">
    <subfield code="a">n 2007228448</subfield>
  </datafield>
  <datafield tag="035" ind1=" " ind2=" ">
    <subfield code="a">(OCoLC)oca07676465</subfield>
  </datafield>
  <datafield tag="040" ind1=" " ind2=" ">
    <subfield code="a">DLC</subfield>
    <subfield code="b">eng</subfield>
    <subfield code="c">DLC</subfield>
    <subfield code="d">OCoLC</subfield>
    <subfield code="d">DLC</subfield>
  </datafield>
  <datafield tag="100" ind1="1" ind2=" ">
    <subfield code="a">Rabīʻī, Faḍl ʻAbd Allāh,</subfield>
    <subfield code="d">1965-</subfield>
  </datafield>
  <datafield tag="400" ind1="1" ind2=" ">
    <subfield code="a">ربيعي، فضل عبد الله</subfield>
  </datafield>
  <datafield tag="667" ind1=" " ind2=" ">
    <subfield code="a">Machine-derived non-Latin script reference project.</subfield>
  </datafield>
  <datafield tag="667" ind1=" " ind2=" ">
    <subfield code="a">Non-Latin script reference not evaluated.</subfield>
  </datafield>
  <datafield tag="670" ind1=" " ind2=" ">
    <subfield code="a">al-Usrah wa-al-taghayyur al-ijtimāʻī, 2006:</subfield>
    <subfield code="b">t.p. (al-Duktūr Faḍl ʻAbd Allāh al-Rabīʻī, Kull. al-Tarbiyah, Jām. ʻAdan) p. 4 of cover (b. 1965 in Yāfiʻ, Yemen)</subfield>
  </datafield>
</record>